
@misc{r_core_team_r:_2020,
	title = {R: {A} language and environment for statistical computing. {R} {Foundation} for {Statistical} {Computing}, {Vienna}, {Austria}. {URL} http://www.{R}-project.org/.},
	author = {R Core Team},
	year = {2020}
}
